<record><leader>00000cas a2200000 a 4500</leader><controlfield tag="001">15321360</controlfield><controlfield tag="008">870316d18771906iluwr ne      0   a0eng c</controlfield><datafield ind1=" " ind2=" " tag="010"><subfield code="a">sn 87082365 </subfield></datafield><datafield ind1=" " ind2=" " tag="040"><subfield code="a">NPV</subfield><subfield code="b">eng</subfield><subfield code="c">NPV</subfield><subfield code="d">OCL</subfield><subfield code="d">NPV</subfield><subfield code="d">NVF</subfield><subfield code="d">UIU</subfield><subfield code="d">OCLCQ</subfield><subfield code="d">OCLCF</subfield><subfield code="d">NVF</subfield><subfield code="d">OCLCO</subfield><subfield code="d">NVF</subfield><subfield code="d">OCL</subfield></datafield><datafield ind1=" " ind2=" " tag="042"><subfield code="a">pcc</subfield></datafield><datafield ind1=" " ind2=" " tag="043"><subfield code="a">n-us-il</subfield></datafield><datafield ind1="0" ind2=" " tag="130"><subfield code="a">Local record (Old Shawneetown, Ill.)</subfield></datafield><datafield ind1="1" ind2="4" tag="245"><subfield code="a">The local record.</subfield></datafield><datafield ind1=" " ind2=" " tag="260"><subfield code="a">Shawneetown [i.e., Old Shawneetown], Ill. :</subfield><subfield code="b">Conrad O. Edwards</subfield></datafield><datafield ind1=" " ind2=" " tag="300"><subfield code="a">volumes</subfield></datafield><datafield ind1=" " ind2=" " tag="310"><subfield code="a">Weekly</subfield></datafield><datafield ind1="1" ind2=" " tag="362"><subfield code="a">Began in 1877?</subfield></datafield><datafield ind1="0" ind2=" " tag="362"><subfield code="a">-v. 20, no. 14 (Oct. 5, 1906).</subfield></datafield><datafield ind1=" " ind2=" " tag="500"><subfield code="a">"Devoted to the interest of Gallatin County."</subfield></datafield><datafield ind1=" " ind2=" " tag="515"><subfield code="a">Issues for Jan. 1-8, 1881 erroneously designated as 1880.</subfield></datafield><datafield ind1=" " ind2=" " tag="530"><subfield code="a">Preservation microfilmed by the University of Illinois at Urbana-Champaign Library as part of the United States Newspaper Program; the years 1878-1892 (on 4 microfilm reels) are available for purchase from OCLC Preservation Service Centers.</subfield></datafield><datafield ind1=" " ind2=" " tag="583"><subfield code="a">Microfilmed.</subfield><subfield code="c">2008</subfield><subfield code="z">Master negative no. UIU PS INP MN 00157-UIU PS INP MN 00160, for ordering information contact University of Illinois at Urbana, Preservation Department.</subfield><subfield code="5">IU</subfield><subfield code="2">pda</subfield></datafield><datafield ind1=" " ind2=" " tag="588"><subfield code="a">Description based on: Vol. 1, no. 6 (Jan. 5, 1878).</subfield></datafield><datafield ind1=" " ind2="0" tag="651"><subfield code="a">Old Shawneetown (Ill.)</subfield><subfield code="v">Newspapers.</subfield></datafield><datafield ind1=" " ind2="0" tag="651"><subfield code="a">Gallatin County (Ill.)</subfield><subfield code="v">Newspapers.</subfield></datafield><datafield ind1=" " ind2="7" tag="651"><subfield code="a">Illinois</subfield><subfield code="z">Gallatin County.</subfield><subfield code="2">fast</subfield><subfield code="0">(OCoLC)fst01205568</subfield></datafield><datafield ind1=" " ind2="7" tag="651"><subfield code="a">Illinois</subfield><subfield code="z">Old Shawneetown.</subfield><subfield code="2">fast</subfield><subfield code="0">(OCoLC)fst01926152</subfield></datafield><datafield ind1=" " ind2="7" tag="655"><subfield code="a">Newspapers.</subfield><subfield code="2">fast</subfield><subfield code="0">(OCoLC)fst01423814</subfield></datafield><datafield ind1=" " ind2=" " tag="752"><subfield code="a">United States</subfield><subfield code="b">Illinois</subfield><subfield code="c">Gallatin County</subfield><subfield code="d">Old Shawneetown.</subfield></datafield><datafield ind1="1" ind2=" " tag="029"><subfield code="a">AU@</subfield><subfield code="b">000020450511</subfield></datafield></record>